<record><leader>00000cas a2200000 a 4500</leader><controlfield tag="001">38875444</controlfield><controlfield tag="008">980331d18861887cauwr ne      0    0eng c</controlfield><datafield ind1=" " ind2=" " tag="010"><subfield code="a">sn 98061614 </subfield></datafield><datafield ind1=" " ind2=" " tag="040"><subfield code="a">CNK</subfield><subfield code="b">eng</subfield><subfield code="c">CNK</subfield><subfield code="d">OCLCQ</subfield><subfield code="d">CNK</subfield><subfield code="d">OCLCQ</subfield><subfield code="d">OCLCF</subfield><subfield code="d">OCLCO</subfield></datafield><datafield ind1="1" ind2=" " tag="029"><subfield code="a">AU@</subfield><subfield code="b">000013903982</subfield></datafield><datafield ind1=" " ind2=" " tag="042"><subfield code="a">pcc</subfield></datafield><datafield ind1=" " ind2=" " tag="043"><subfield code="a">n-us-ca</subfield></datafield><datafield ind1="0" ind2=" " tag="130"><subfield code="a">Los Gatos news (Los Gatos, Calif. : 1886)</subfield></datafield><datafield ind1="1" ind2="0" tag="245"><subfield code="a">Los Gatos news.</subfield></datafield><datafield ind1="1" ind2="7" tag="246"><subfield code="a">Los Gatos weekly news</subfield></datafield><datafield ind1=" " ind2=" " tag="260"><subfield code="a">Los Gatos, Santa Clara County, Calif. :</subfield><subfield code="b">Trantham, Webster, and Suydam</subfield></datafield><datafield ind1=" " ind2=" " tag="300"><subfield code="a">v.</subfield></datafield><datafield ind1=" " ind2=" " tag="310"><subfield code="a">Weekly</subfield></datafield><datafield ind1="0" ind2=" " tag="362"><subfield code="a">Vol. 5, no. 27 (Jan. 1, 1886)-v. 6, no. 36 (Feb. [i.e. Mar.] 4, 1887).</subfield></datafield><datafield ind1=" " ind2=" " tag="530"><subfield code="a">Master negatives are available for duplication from:</subfield><subfield code="b">California Newspaper Microfilm Archive;</subfield><subfield code="c">positive copies may be purchased by the reel; for further information consult the CNMA at:</subfield><subfield code="u">http://cbsr.ucr.edu</subfield></datafield><datafield ind1=" " ind2="0" tag="651"><subfield code="a">Los Gatos (Calif.)</subfield><subfield code="v">Newspapers.</subfield></datafield><datafield ind1=" " ind2="7" tag="655"><subfield code="a">Newspapers.</subfield><subfield code="2">fast</subfield><subfield code="0">(OCoLC)fst01423814</subfield></datafield><datafield ind1=" " ind2="7" tag="651"><subfield code="a">California</subfield><subfield code="z">Los Gatos.</subfield><subfield code="2">fast</subfield><subfield code="0">(OCoLC)fst01215899</subfield></datafield><datafield ind1=" " ind2=" " tag="752"><subfield code="a">United States</subfield><subfield code="b">California</subfield><subfield code="c">Santa Clara</subfield><subfield code="d">Los Gatos.</subfield></datafield><datafield ind1="0" ind2="0" tag="780"><subfield code="t">Gatos weekly news</subfield><subfield code="w">(DLC)sn 85066440</subfield></datafield><datafield ind1="0" ind2="0" tag="785"><subfield code="t">Gatos weekly news (Los Gatos, Calif. : 1887)</subfield><subfield code="w">(DLC)sn 98061615</subfield></datafield></record>